@misc{target_distribution_1,
    title={Deep Temporal Clustering : Fully Unsupervised Learning of Time-Domain Features},
    author={Naveen Sai Madiraju and Seid M. Sadat and Dimitry Fisher and Homa Karimabadi},
    year={2018},
    eprint={1802.01059},
    archivePrefix={arXiv},
    primaryClass={cs.LG}
}